@online{DBToasterSQLReference,
  author  = {DATA Laboratory at EPFL},
  title   = {The DBToaster SQL Reference},
  year    = 2019,
  url     = {https://dbtoaster.github.io/docs_sql.html},
  urldate = {2024-01-02}
}
@online{TypedGenerationalArenaRepo,
  author  = {Nick Fitzgerald},
  title   = {Generational Arena: A safe arena allocator that allows deletion without suffering from the ABA problem by using generational indices},
  year    = 2023,
  url     = {https://github.com/fitzgen/generational-arena},
  urldate = {2024-01-05}
}

@online{Postgres16Docs,
  author  = { The PostgreSQL Global Development Group},
  title   = {PostgreSQL 16 Documentation},
  year    = 2023,
  url     = {https://www.postgresql.org/docs/current/index.html},
  urldate = {2024-01-05}
}
